<?xml version = "1.0" encoding = "UTF-8"?><record>
    <leader>01378ncm#a2200385#c#4500</leader>
    <controlfield tag="005">20210409120229.0</controlfield>
    <controlfield tag="007">qu</controlfield>
    <controlfield tag="008">160111|1984####au#uuau#############zxx#c</controlfield>
    <controlfield tag="003">DE-605</controlfield>
    <controlfield tag="001">990210237770206441</controlfield>
    <datafield tag="020" ind1=" " ind2=" ">
      <subfield code="a">9783702410223</subfield>
      <subfield code="9">978-3-7024-1022-3</subfield>
      <subfield code="0">(uri) http://www.isbnsearch.org/isbn/9783702410223</subfield>
    </datafield>
    <datafield tag="024" ind1="2" ind2=" ">
      <subfield code="z">9790008028298</subfield>
    </datafield>
    <datafield tag="028" ind1="2" ind2="2">
      <subfield code="a">UE 18 105</subfield>
    </datafield>
    <datafield tag="035" ind1=" " ind2=" ">
      <subfield code="a">(DE-605)HT018853619</subfield>
    </datafield>
    <datafield tag="040" ind1=" " ind2=" ">
      <subfield code="a">1972</subfield>
      <subfield code="b">ger</subfield>
      <subfield code="d">1156</subfield>
      <subfield code="e">rda</subfield>
    </datafield>
    <datafield tag="041" ind1=" " ind2=" ">
      <subfield code="a">zxx</subfield>
      <subfield code="a">ger</subfield>
    </datafield>
    <datafield tag="044" ind1=" " ind2=" ">
      <subfield code="c">XA-AT</subfield>
    </datafield>
    <datafield tag="100" ind1="1" ind2=" ">
      <subfield code="a">Mahler, Gustav</subfield>
      <subfield code="d">1860-1911</subfield>
      <subfield code="0">(DE-588)118576291</subfield>
      <subfield code="4">cmp</subfield>
      <subfield code="0">(uri) https://portal.dnb.de/opac.htm?method=simpleSearch&amp;cqlMode=true&amp;query=idn=118576291</subfield>
      <subfield code="0">(uri) http://viaf.org/viaf/sourceID/DNB|118576291</subfield>
    </datafield>
    <datafield tag="240" ind1="1" ind2="0">
      <subfield code="a">Lieder aus letzter Zeit</subfield>
      <subfield code="p">R&#252;ckert-Lieder</subfield>
      <subfield code="p">Ich bin der Welt abhanden gekommen</subfield>
      <subfield code="0">(DE-588)4777353-4</subfield>
      <subfield code="o">arrangiert</subfield>
      <subfield code="0">(uri) https://portal.dnb.de/opac.htm?method=simpleSearch&amp;cqlMode=true&amp;query=idn=970957289</subfield>
      <subfield code="0">(uri) http://viaf.org/viaf/sourceID/DNB|970957289</subfield>
    </datafield>
    <datafield tag="245" ind1="1" ind2="0">
      <subfield code="a">Ich bin der Welt abhanden gekommen</subfield>
      <subfield code="b">f&#252;r 16 Stimmen : (1983)</subfield>
      <subfield code="c">Gustav Mahler ; (Friedrich R&#252;ckert) ; bearbeitet von Clytus Gottwald</subfield>
    </datafield>
    <datafield tag="264" ind1=" " ind2="1">
      <subfield code="a">Vienna</subfield>
      <subfield code="a">London</subfield>
      <subfield code="a">New York</subfield>
      <subfield code="b">Universal Edition</subfield>
      <subfield code="c">[1984]</subfield>
    </datafield>
    <datafield tag="264" ind1=" " ind2="4">
      <subfield code="c">&#169; 1984</subfield>
    </datafield>
    <datafield tag="300" ind1=" " ind2=" ">
      <subfield code="a">1 Partitur (12 Seiten)</subfield>
    </datafield>
    <datafield tag="336" ind1=" " ind2=" ">
      <subfield code="b">ntm</subfield>
    </datafield>
    <datafield tag="336" ind1=" " ind2=" ">
      <subfield code="b">txt</subfield>
    </datafield>
    <datafield tag="337" ind1=" " ind2=" ">
      <subfield code="b">n</subfield>
    </datafield>
    <datafield tag="338" ind1=" " ind2=" ">
      <subfield code="b">nc</subfield>
    </datafield>
    <datafield tag="348" ind1=" " ind2=" ">
      <subfield code="a">Partitur</subfield>
      <subfield code="0">(DE-588)4173447-6</subfield>
      <subfield code="2">gnd-music</subfield>
    </datafield>
    <datafield tag="964" ind1="0" ind2="s">
      <subfield code="F">030</subfield>
      <subfield code="A">a|1ur||||||17</subfield>
    </datafield>
    <datafield tag="964" ind1="0" ind2="s">
      <subfield code="F">050</subfield>
      <subfield code="A">a|||||||||||||</subfield>
    </datafield>
    <datafield tag="964" ind1="0" ind2="s">
      <subfield code="F">051</subfield>
      <subfield code="A">mm||||||</subfield>
    </datafield>
    <datafield tag="035" ind1=" " ind2=" ">
      <subfield code="a">(DE-599)HBZHT018853619</subfield>
    </datafield>
    <datafield tag="700" ind1="1" ind2=" ">
      <subfield code="a">R&#252;ckert, Friedrich</subfield>
      <subfield code="d">1788-1866</subfield>
      <subfield code="0">(DE-588)118603817</subfield>
      <subfield code="4">lyr</subfield>
      <subfield code="0">(uri) https://portal.dnb.de/opac.htm?method=simpleSearch&amp;cqlMode=true&amp;query=idn=118603817</subfield>
      <subfield code="0">(uri) http://viaf.org/viaf/sourceID/DNB|118603817</subfield>
    </datafield>
    <datafield tag="700" ind1="1" ind2=" ">
      <subfield code="a">Gottwald, Clytus</subfield>
      <subfield code="d">1925-</subfield>
      <subfield code="0">(DE-588)118917439</subfield>
      <subfield code="4">arr</subfield>
      <subfield code="0">(uri) https://portal.dnb.de/opac.htm?method=simpleSearch&amp;cqlMode=true&amp;query=idn=118917439</subfield>
      <subfield code="0">(uri) http://viaf.org/viaf/sourceID/DNB|118917439</subfield>
    </datafield>
    <datafield tag="500" ind1=" " ind2=" ">
      <subfield code="a">Hier auch sp&#228;ter erschienene, unver&#228;nderte Nachdrucke</subfield>
      <subfield code="9">F:501</subfield>
    </datafield>
    <datafield tag="MBD" ind1=" " ind2=" ">
      <subfield code="M">49HBZ_NETWORK</subfield>
      <subfield code="i">990210237770206441</subfield>
      <subfield code="n">HBZ Network</subfield>
    </datafield>
    <datafield tag="MBD" ind1=" " ind2=" ">
      <subfield code="M">49HBZ_FUK</subfield>
      <subfield code="i">990002375140306459</subfield>
      <subfield code="n">Folkwang Universit&#228;t der K&#252;nste Essen</subfield>
    </datafield>
    <datafield tag="020" ind1=" " ind2=" ">
      <subfield code="a">9783702410223</subfield>
      <subfield code="9">978-3-7024-1022-3</subfield>
      <subfield code="M">49HBZ_FUK</subfield>
    </datafield>
    <datafield tag="500" ind1=" " ind2=" ">
      <subfield code="a">Hier auch sp&#228;ter erschienene, unver&#228;nderte Nachdrucke</subfield>
      <subfield code="9">F:501</subfield>
      <subfield code="M">49HBZ_FUK</subfield>
    </datafield>
    <datafield tag="983" ind1=" " ind2=" ">
      <subfield code="a">B 121</subfield>
      <subfield code="9">LOCAL</subfield>
      <subfield code="M">49HBZ_FUK</subfield>
    </datafield>
    <datafield tag="MNG" ind1=" " ind2=" ">
      <subfield code="c">System</subfield>
      <subfield code="f">ILS</subfield>
      <subfield code="i">marc21</subfield>
      <subfield code="k">01</subfield>
      <subfield code="e">false</subfield>
      <subfield code="d">2022-10-22 04:11:09 Europe/Berlin</subfield>
      <subfield code="g">021023777-HBZ01</subfield>
      <subfield code="j">60</subfield>
      <subfield code="a">import</subfield>
      <subfield code="b">2021-04-05 15:38:15 Europe/Berlin</subfield>
    </datafield>
    <datafield tag="H52" ind1="8" ind2="1">
      <subfield code="b">Z9036</subfield>
      <subfield code="c">FHP</subfield>
      <subfield code="h">B 121 / MahlG / Liede / 1905 &lt;Ichbi&gt;</subfield>
      <subfield code="8">2211250930006459</subfield>
    </datafield>
    <datafield tag="HOL" ind1=" " ind2=" ">
      <subfield code="d">2022-08-26 12:04:23</subfield>
      <subfield code="8">2211250930006459</subfield>
      <subfield code="b">2022-06-19 11:13:45</subfield>
      <subfield code="M">49HBZ_FUK</subfield>
      <subfield code="g">false</subfield>
      <subfield code="a">import</subfield>
      <subfield code="c">System</subfield>
    </datafield>
    <datafield tag="H52" ind1=" " ind2=" ">
      <subfield code="b">Z9036</subfield>
      <subfield code="c">FHP</subfield>
      <subfield code="h"></subfield>
      <subfield code="8">2211250910006459</subfield>
    </datafield>
    <datafield tag="HOL" ind1=" " ind2=" ">
      <subfield code="b">2022-06-19 11:13:45</subfield>
      <subfield code="8">2211250910006459</subfield>
      <subfield code="M">49HBZ_FUK</subfield>
      <subfield code="g">false</subfield>
      <subfield code="a">import</subfield>
    </datafield>
    <datafield tag="H52" ind1="8" ind2="1">
      <subfield code="b">Z9036</subfield>
      <subfield code="c">FHA</subfield>
      <subfield code="h">B 121 / MahlG / Liede / 1905 &lt;Ichbi&gt;</subfield>
      <subfield code="8">2211251600006459</subfield>
    </datafield>
    <datafield tag="HOL" ind1=" " ind2=" ">
      <subfield code="d">2022-08-26 12:04:22</subfield>
      <subfield code="8">2211251600006459</subfield>
      <subfield code="b">2022-06-19 11:13:45</subfield>
      <subfield code="M">49HBZ_FUK</subfield>
      <subfield code="g">false</subfield>
      <subfield code="a">import</subfield>
      <subfield code="c">System</subfield>
    </datafield>
    <datafield tag="ITM" ind1=" " ind2=" ">
      <subfield code="H">2211251600006459</subfield>
      <subfield code="x">FHA</subfield>
      <subfield code="f">SCORE</subfield>
      <subfield code="v">FHA</subfield>
      <subfield code="p">04</subfield>
      <subfield code="X">System</subfield>
      <subfield code="U">2016-11-02 10:59:00</subfield>
      <subfield code="Y">2022-06-19 11:14:25</subfield>
      <subfield code="h">false</subfield>
      <subfield code="n">B 121 / MahlG / Liede / 1905 &lt;Ichbi&gt; / ba</subfield>
      <subfield code="P">29/d/n/1</subfield>
      <subfield code="M">49HBZ_FUK</subfield>
      <subfield code="s">1</subfield>
      <subfield code="d">8</subfield>
      <subfield code="V">import</subfield>
      <subfield code="b">112628-550</subfield>
      <subfield code="a">2311251010006459</subfield>
      <subfield code="R">Maintenance count: 001</subfield>
      <subfield code="c">B 121 / MahlG / Liede / 1905 &lt;Ichbi&gt;</subfield>
      <subfield code="S">B2016.3581</subfield>
      <subfield code="B">2016.3921</subfield>
      <subfield code="D">20161110</subfield>
      <subfield code="W">2016-11-02 11:59:00</subfield>
      <subfield code="u">Z9036</subfield>
      <subfield code="w">Z9036</subfield>
    </datafield>
    <datafield tag="ITM" ind1=" " ind2=" ">
      <subfield code="H">2211251600006459</subfield>
      <subfield code="x">FHA</subfield>
      <subfield code="f">SCORE</subfield>
      <subfield code="v">FHA</subfield>
      <subfield code="p">04</subfield>
      <subfield code="X">System</subfield>
      <subfield code="U">2013-02-28 10:59:00</subfield>
      <subfield code="Y">2022-06-19 11:14:25</subfield>
      <subfield code="h">false</subfield>
      <subfield code="n">B 121 / MahlG / Liede / 1905 &lt;Ichbi&gt; / p</subfield>
      <subfield code="M">49HBZ_FUK</subfield>
      <subfield code="s">1</subfield>
      <subfield code="d">8</subfield>
      <subfield code="V">import</subfield>
      <subfield code="b">112628-180</subfield>
      <subfield code="a">2311251390006459</subfield>
      <subfield code="R">Maintenance count: 001</subfield>
      <subfield code="c">B 121 / MahlG / Liede / 1905 &lt;Ichbi&gt;</subfield>
      <subfield code="B">2070 / 13</subfield>
      <subfield code="D">20130228</subfield>
      <subfield code="W">2013-02-28 11:59:00</subfield>
      <subfield code="u">Z9036</subfield>
      <subfield code="w">Z9036</subfield>
    </datafield>
    <datafield tag="ITM" ind1=" " ind2=" ">
      <subfield code="H">2211251600006459</subfield>
      <subfield code="x">FHA</subfield>
      <subfield code="f">SCORE</subfield>
      <subfield code="v">FHA</subfield>
      <subfield code="p">04</subfield>
      <subfield code="X">System</subfield>
      <subfield code="U">2016-11-02 10:59:00</subfield>
      <subfield code="Y">2022-06-19 11:14:25</subfield>
      <subfield code="h">false</subfield>
      <subfield code="n">B 121 / MahlG / Liede / 1905 &lt;Ichbi&gt; / az</subfield>
      <subfield code="P">29/d/n/1</subfield>
      <subfield code="M">49HBZ_FUK</subfield>
      <subfield code="s">1</subfield>
      <subfield code="d">8</subfield>
      <subfield code="V">import</subfield>
      <subfield code="b">112628-540</subfield>
      <subfield code="a">2311251020006459</subfield>
      <subfield code="R">Maintenance count: 001</subfield>
      <subfield code="c">B 121 / MahlG / Liede / 1905 &lt;Ichbi&gt;</subfield>
      <subfield code="S">B2016.3581</subfield>
      <subfield code="B">2016.3920</subfield>
      <subfield code="D">20161110</subfield>
      <subfield code="W">2016-11-02 11:59:00</subfield>
      <subfield code="u">Z9036</subfield>
      <subfield code="w">Z9036</subfield>
    </datafield>
    <datafield tag="ITM" ind1=" " ind2=" ">
      <subfield code="H">2211251600006459</subfield>
      <subfield code="x">FHA</subfield>
      <subfield code="f">SCORE</subfield>
      <subfield code="v">FHA</subfield>
      <subfield code="p">04</subfield>
      <subfield code="X">System</subfield>
      <subfield code="U">2016-11-02 10:59:00</subfield>
      <subfield code="Y">2022-06-19 11:14:26</subfield>
      <subfield code="h">false</subfield>
      <subfield code="n">B 121 / MahlG / Liede / 1905 &lt;Ichbi&gt; / ay</subfield>
      <subfield code="P">29/d/n/1</subfield>
      <subfield code="M">49HBZ_FUK</subfield>
      <subfield code="s">1</subfield>
      <subfield code="d">8</subfield>
      <subfield code="V">import</subfield>
      <subfield code="b">112628-530</subfield>
      <subfield code="a">2311251030006459</subfield>
      <subfield code="R">Maintenance count: 001</subfield>
      <subfield code="c">B 121 / MahlG / Liede / 1905 &lt;Ichbi&gt;</subfield>
      <subfield code="S">B2016.3581</subfield>
      <subfield code="B">2016.3919</subfield>
      <subfield code="D">20161110</subfield>
      <subfield code="W">2016-11-02 11:59:00</subfield>
      <subfield code="u">Z9036</subfield>
      <subfield code="w">Z9036</subfield>
    </datafield>
    <datafield tag="ITM" ind1=" " ind2=" ">
      <subfield code="H">2211251600006459</subfield>
      <subfield code="x">FHA</subfield>
      <subfield code="f">SCORE</subfield>
      <subfield code="v">FHA</subfield>
      <subfield code="p">04</subfield>
      <subfield code="X">System</subfield>
      <subfield code="U">2016-11-02 10:59:00</subfield>
      <subfield code="Y">2022-06-19 11:14:25</subfield>
      <subfield code="h">false</subfield>
      <subfield code="n">B 121 / MahlG / Liede / 1905 &lt;Ichbi&gt; / bb</subfield>
      <subfield code="P">29/d/n/1</subfield>
      <subfield code="M">49HBZ_FUK</subfield>
      <subfield code="s">1</subfield>
      <subfield code="d">8</subfield>
      <subfield code="V">import</subfield>
      <subfield code="b">112628-560</subfield>
      <subfield code="a">2311251000006459</subfield>
      <subfield code="R">Maintenance count: 001</subfield>
      <subfield code="c">B 121 / MahlG / Liede / 1905 &lt;Ichbi&gt;</subfield>
      <subfield code="S">B2016.3581</subfield>
      <subfield code="B">2016.3922</subfield>
      <subfield code="D">20161110</subfield>
      <subfield code="W">2016-11-02 11:59:00</subfield>
      <subfield code="u">Z9036</subfield>
      <subfield code="w">Z9036</subfield>
    </datafield>
    <datafield tag="ITM" ind1=" " ind2=" ">
      <subfield code="H">2211251600006459</subfield>
      <subfield code="x">FHA</subfield>
      <subfield code="f">SCORE</subfield>
      <subfield code="v">FHA</subfield>
      <subfield code="p">04</subfield>
      <subfield code="X">System</subfield>
      <subfield code="U">2016-08-24 10:59:00</subfield>
      <subfield code="Y">2022-06-19 11:14:25</subfield>
      <subfield code="h">false</subfield>
      <subfield code="n">B 121 / MahlG / Liede / 1905 &lt;Ichbi&gt; / ae</subfield>
      <subfield code="P">29/a/n/1</subfield>
      <subfield code="M">49HBZ_FUK</subfield>
      <subfield code="s">1</subfield>
      <subfield code="d">8</subfield>
      <subfield code="V">import</subfield>
      <subfield code="b">112628-330</subfield>
      <subfield code="a">2311251210006459</subfield>
      <subfield code="R">Maintenance count: 001</subfield>
      <subfield code="c">B 121 / MahlG / Liede / 1905 &lt;Ichbi&gt;</subfield>
      <subfield code="S">B2016.2815</subfield>
      <subfield code="B">2016.2984</subfield>
      <subfield code="D">20160901</subfield>
      <subfield code="W">2016-08-24 12:59:00</subfield>
      <subfield code="u">Z9036</subfield>
      <subfield code="w">Z9036</subfield>
    </datafield>
    <datafield tag="ITM" ind1=" " ind2=" ">
      <subfield code="H">2211251600006459</subfield>
      <subfield code="x">FHA</subfield>
      <subfield code="f">SCORE</subfield>
      <subfield code="v">FHA</subfield>
      <subfield code="p">04</subfield>
      <subfield code="X">System</subfield>
      <subfield code="U">2016-11-02 10:59:00</subfield>
      <subfield code="Y">2022-06-19 11:14:25</subfield>
      <subfield code="h">false</subfield>
      <subfield code="n">B 121 / MahlG / Liede / 1905 &lt;Ichbi&gt; / ax</subfield>
      <subfield code="P">29/d/n/1</subfield>
      <subfield code="M">49HBZ_FUK</subfield>
      <subfield code="s">1</subfield>
      <subfield code="d">8</subfield>
      <subfield code="V">import</subfield>
      <subfield code="b">112628-520</subfield>
      <subfield code="a">2311251040006459</subfield>
      <subfield code="R">Maintenance count: 001</subfield>
      <subfield code="c">B 121 / MahlG / Liede / 1905 &lt;Ichbi&gt;</subfield>
      <subfield code="S">B2016.3581</subfield>
      <subfield code="B">2016.3918</subfield>
      <subfield code="D">20161110</subfield>
      <subfield code="W">2016-11-02 11:59:00</subfield>
      <subfield code="u">Z9036</subfield>
      <subfield code="w">Z9036</subfield>
    </datafield>
    <datafield tag="ITM" ind1=" " ind2=" ">
      <subfield code="H">2211251600006459</subfield>
      <subfield code="x">FHA</subfield>
      <subfield code="f">SCORE</subfield>
      <subfield code="v">FHA</subfield>
      <subfield code="p">04</subfield>
      <subfield code="X">System</subfield>
      <subfield code="U">2016-08-24 10:59:00</subfield>
      <subfield code="Y">2022-06-19 11:14:25</subfield>
      <subfield code="h">false</subfield>
      <subfield code="n">B 121 / MahlG / Liede / 1905 &lt;Ichbi&gt; / aw</subfield>
      <subfield code="P">29/a/n/1</subfield>
      <subfield code="M">49HBZ_FUK</subfield>
      <subfield code="s">1</subfield>
      <subfield code="d">8</subfield>
      <subfield code="V">import</subfield>
      <subfield code="b">112628-510</subfield>
      <subfield code="a">2311251050006459</subfield>
      <subfield code="R">Maintenance count: 001</subfield>
      <subfield code="c">B 121 / MahlG / Liede / 1905 &lt;Ichbi&gt;</subfield>
      <subfield code="S">B2016.2815</subfield>
      <subfield code="B">2016.3002</subfield>
      <subfield code="D">20160901</subfield>
      <subfield code="W">2016-08-24 12:59:00</subfield>
      <subfield code="u">Z9036</subfield>
      <subfield code="w">Z9036</subfield>
    </datafield>
    <datafield tag="ITM" ind1=" " ind2=" ">
      <subfield code="H">2211251600006459</subfield>
      <subfield code="x">FHA</subfield>
      <subfield code="f">SCORE</subfield>
      <subfield code="v">FHA</subfield>
      <subfield code="p">04</subfield>
      <subfield code="X">System</subfield>
      <subfield code="U">2016-08-24 10:59:00</subfield>
      <subfield code="Y">2022-06-19 11:14:25</subfield>
      <subfield code="h">false</subfield>
      <subfield code="n">B 121 / MahlG / Liede / 1905 &lt;Ichbi&gt; / ad</subfield>
      <subfield code="P">29/a/n/1</subfield>
      <subfield code="M">49HBZ_FUK</subfield>
      <subfield code="s">1</subfield>
      <subfield code="d">8</subfield>
      <subfield code="V">import</subfield>
      <subfield code="b">112628-320</subfield>
      <subfield code="a">2311251220006459</subfield>
      <subfield code="R">Maintenance count: 001</subfield>
      <subfield code="c">B 121 / MahlG / Liede / 1905 &lt;Ichbi&gt;</subfield>
      <subfield code="S">B2016.2815</subfield>
      <subfield code="B">2016.2983</subfield>
      <subfield code="D">20160901</subfield>
      <subfield code="W">2016-08-24 12:59:00</subfield>
      <subfield code="u">Z9036</subfield>
      <subfield code="w">Z9036</subfield>
    </datafield>
    <datafield tag="ITM" ind1=" " ind2=" ">
      <subfield code="H">2211251600006459</subfield>
      <subfield code="x">FHA</subfield>
      <subfield code="f">SCORE</subfield>
      <subfield code="v">FHA</subfield>
      <subfield code="p">04</subfield>
      <subfield code="X">System</subfield>
      <subfield code="U">2016-08-24 10:59:00</subfield>
      <subfield code="Y">2022-06-19 11:14:25</subfield>
      <subfield code="h">false</subfield>
      <subfield code="n">B 121 / MahlG / Liede / 1905 &lt;Ichbi&gt; / af</subfield>
      <subfield code="P">29/a/n/1</subfield>
      <subfield code="M">49HBZ_FUK</subfield>
      <subfield code="s">1</subfield>
      <subfield code="d">8</subfield>
      <subfield code="V">import</subfield>
      <subfield code="b">112628-340</subfield>
      <subfield code="a">2311251200006459</subfield>
      <subfield code="R">Maintenance count: 001</subfield>
      <subfield code="c">B 121 / MahlG / Liede / 1905 &lt;Ichbi&gt;</subfield>
      <subfield code="S">B2016.2815</subfield>
      <subfield code="B">2016.2985</subfield>
      <subfield code="D">20160901</subfield>
      <subfield code="W">2016-08-24 12:59:00</subfield>
      <subfield code="u">Z9036</subfield>
      <subfield code="w">Z9036</subfield>
    </datafield>
    <datafield tag="ITM" ind1=" " ind2=" ">
      <subfield code="H">2211251600006459</subfield>
      <subfield code="x">FHA</subfield>
      <subfield code="f">SCORE</subfield>
      <subfield code="v">FHA</subfield>
      <subfield code="p">04</subfield>
      <subfield code="X">System</subfield>
      <subfield code="U">2016-08-24 10:59:00</subfield>
      <subfield code="Y">2022-06-19 11:14:25</subfield>
      <subfield code="h">false</subfield>
      <subfield code="n">B 121 / MahlG / Liede / 1905 &lt;Ichbi&gt; / ah</subfield>
      <subfield code="P">29/a/n/1</subfield>
      <subfield code="M">49HBZ_FUK</subfield>
      <subfield code="s">1</subfield>
      <subfield code="d">8</subfield>
      <subfield code="V">import</subfield>
      <subfield code="b">112628-360</subfield>
      <subfield code="a">2311251190006459</subfield>
      <subfield code="R">Maintenance count: 001</subfield>
      <subfield code="c">B 121 / MahlG / Liede / 1905 &lt;Ichbi&gt;</subfield>
      <subfield code="S">B2016.2815</subfield>
      <subfield code="B">2016.2987</subfield>
      <subfield code="D">20160901</subfield>
      <subfield code="W">2016-08-24 12:59:00</subfield>
      <subfield code="u">Z9036</subfield>
      <subfield code="w">Z9036</subfield>
    </datafield>
    <datafield tag="ITM" ind1=" " ind2=" ">
      <subfield code="H">2211251600006459</subfield>
      <subfield code="x">FHA</subfield>
      <subfield code="f">SCORE</subfield>
      <subfield code="v">FHA</subfield>
      <subfield code="p">04</subfield>
      <subfield code="X">System</subfield>
      <subfield code="U">2016-08-24 10:59:00</subfield>
      <subfield code="Y">2022-06-19 11:14:25</subfield>
      <subfield code="h">false</subfield>
      <subfield code="n">B 121 / MahlG / Liede / 1905 &lt;Ichbi&gt; / ak</subfield>
      <subfield code="P">29/a/n/1</subfield>
      <subfield code="M">49HBZ_FUK</subfield>
      <subfield code="s">1</subfield>
      <subfield code="d">8</subfield>
      <subfield code="V">import</subfield>
      <subfield code="b">112628-390</subfield>
      <subfield code="a">2311251170006459</subfield>
      <subfield code="R">Maintenance count: 001</subfield>
      <subfield code="c">B 121 / MahlG / Liede / 1905 &lt;Ichbi&gt;</subfield>
      <subfield code="S">B2016.2815</subfield>
      <subfield code="B">2016.2990</subfield>
      <subfield code="D">20160901</subfield>
      <subfield code="W">2016-08-24 12:59:00</subfield>
      <subfield code="u">Z9036</subfield>
      <subfield code="w">Z9036</subfield>
    </datafield>
    <datafield tag="ITM" ind1=" " ind2=" ">
      <subfield code="H">2211251600006459</subfield>
      <subfield code="x">FHA</subfield>
      <subfield code="f">SCORE</subfield>
      <subfield code="v">FHA</subfield>
      <subfield code="p">04</subfield>
      <subfield code="X">System</subfield>
      <subfield code="U">2016-08-24 10:59:00</subfield>
      <subfield code="Y">2022-06-19 11:14:26</subfield>
      <subfield code="h">false</subfield>
      <subfield code="n">B 121 / MahlG / Liede / 1905 &lt;Ichbi&gt; / ai</subfield>
      <subfield code="P">29/a/n/1</subfield>
      <subfield code="M">49HBZ_FUK</subfield>
      <subfield code="s">1</subfield>
      <subfield code="d">8</subfield>
      <subfield code="V">import</subfield>
      <subfield code="b">112628-370</subfield>
      <subfield code="a">2311251180006459</subfield>
      <subfield code="R">Maintenance count: 001</subfield>
      <subfield code="c">B 121 / MahlG / Liede / 1905 &lt;Ichbi&gt;</subfield>
      <subfield code="S">B2016.2815</subfield>
      <subfield code="B">2016.2988</subfield>
      <subfield code="D">20160901</subfield>
      <subfield code="W">2016-08-24 12:59:00</subfield>
      <subfield code="u">Z9036</subfield>
      <subfield code="w">Z9036</subfield>
    </datafield>
    <datafield tag="ITM" ind1=" " ind2=" ">
      <subfield code="H">2211251600006459</subfield>
      <subfield code="x">FHA</subfield>
      <subfield code="f">SCORE</subfield>
      <subfield code="v">FHA</subfield>
      <subfield code="p">04</subfield>
      <subfield code="X">System</subfield>
      <subfield code="U">2016-08-24 10:59:00</subfield>
      <subfield code="Y">2022-06-19 11:14:25</subfield>
      <subfield code="h">false</subfield>
      <subfield code="n">B 121 / MahlG / Liede / 1905 &lt;Ichbi&gt; / at</subfield>
      <subfield code="P">29/a/n/1</subfield>
      <subfield code="M">49HBZ_FUK</subfield>
      <subfield code="s">1</subfield>
      <subfield code="d">8</subfield>
      <subfield code="V">import</subfield>
      <subfield code="b">112628-480</subfield>
      <subfield code="a">2311251080006459</subfield>
      <subfield code="R">Maintenance count: 001</subfield>
      <subfield code="c">B 121 / MahlG / Liede / 1905 &lt;Ichbi&gt;</subfield>
      <subfield code="S">B2016.2815</subfield>
      <subfield code="B">2016.2999</subfield>
      <subfield code="D">20160901</subfield>
      <subfield code="W">2016-08-24 12:59:00</subfield>
      <subfield code="u">Z9036</subfield>
      <subfield code="w">Z9036</subfield>
    </datafield>
    <datafield tag="ITM" ind1=" " ind2=" ">
      <subfield code="H">2211251600006459</subfield>
      <subfield code="x">FHA</subfield>
      <subfield code="f">SCORE</subfield>
      <subfield code="v">FHA</subfield>
      <subfield code="p">04</subfield>
      <subfield code="X">System</subfield>
      <subfield code="U">2016-08-24 10:59:00</subfield>
      <subfield code="Y">2022-06-19 11:14:25</subfield>
      <subfield code="h">false</subfield>
      <subfield code="n">B 121 / MahlG / Liede / 1905 &lt;Ichbi&gt; / aa</subfield>
      <subfield code="P">29/a/n/1</subfield>
      <subfield code="M">49HBZ_FUK</subfield>
      <subfield code="s">1</subfield>
      <subfield code="d">8</subfield>
      <subfield code="V">import</subfield>
      <subfield code="b">112628-290</subfield>
      <subfield code="a">2311251250006459</subfield>
      <subfield code="R">Maintenance count: 001</subfield>
      <subfield code="c">B 121 / MahlG / Liede / 1905 &lt;Ichbi&gt;</subfield>
      <subfield code="S">B2016.2815</subfield>
      <subfield code="B">2016.2980</subfield>
      <subfield code="D">20160901</subfield>
      <subfield code="W">2016-08-24 12:59:00</subfield>
      <subfield code="u">Z9036</subfield>
      <subfield code="w">Z9036</subfield>
    </datafield>
    <datafield tag="ITM" ind1=" " ind2=" ">
      <subfield code="H">2211251600006459</subfield>
      <subfield code="x">FHA</subfield>
      <subfield code="f">SCORE</subfield>
      <subfield code="v">FHA</subfield>
      <subfield code="p">04</subfield>
      <subfield code="X">System</subfield>
      <subfield code="U">2013-02-28 10:59:00</subfield>
      <subfield code="Y">2022-06-19 11:14:25</subfield>
      <subfield code="h">false</subfield>
      <subfield code="n">B 121 / MahlG / Liede / 1905 &lt;Ichbi&gt; / e</subfield>
      <subfield code="M">49HBZ_FUK</subfield>
      <subfield code="s">1</subfield>
      <subfield code="d">8</subfield>
      <subfield code="V">import</subfield>
      <subfield code="b">112628-70</subfield>
      <subfield code="a">2311251500006459</subfield>
      <subfield code="R">Maintenance count: 001</subfield>
      <subfield code="c">B 121 / MahlG / Liede / 1905 &lt;Ichbi&gt;</subfield>
      <subfield code="B">2059 / 13</subfield>
      <subfield code="D">20130228</subfield>
      <subfield code="W">2013-02-28 11:59:00</subfield>
      <subfield code="u">Z9036</subfield>
      <subfield code="w">Z9036</subfield>
    </datafield>
    <datafield tag="ITM" ind1=" " ind2=" ">
      <subfield code="H">2211251600006459</subfield>
      <subfield code="x">FHA</subfield>
      <subfield code="f">SCORE</subfield>
      <subfield code="v">FHA</subfield>
      <subfield code="p">04</subfield>
      <subfield code="X">System</subfield>
      <subfield code="U">2016-08-24 10:59:00</subfield>
      <subfield code="Y">2022-06-19 11:14:25</subfield>
      <subfield code="h">false</subfield>
      <subfield code="n">B 121 / MahlG / Liede / 1905 &lt;Ichbi&gt; / u</subfield>
      <subfield code="P">29/a/n/1</subfield>
      <subfield code="M">49HBZ_FUK</subfield>
      <subfield code="s">1</subfield>
      <subfield code="d">8</subfield>
      <subfield code="V">import</subfield>
      <subfield code="b">112628-230</subfield>
      <subfield code="a">2311251340006459</subfield>
      <subfield code="R">Maintenance count: 001</subfield>
      <subfield code="c">B 121 / MahlG / Liede / 1905 &lt;Ichbi&gt;</subfield>
      <subfield code="S">B2016.2815</subfield>
      <subfield code="B">2016.2974</subfield>
      <subfield code="D">20160901</subfield>
      <subfield code="W">2016-08-24 12:59:00</subfield>
      <subfield code="u">Z9036</subfield>
      <subfield code="w">Z9036</subfield>
    </datafield>
    <datafield tag="ITM" ind1=" " ind2=" ">
      <subfield code="H">2211251600006459</subfield>
      <subfield code="x">FHA</subfield>
      <subfield code="f">SCORE</subfield>
      <subfield code="v">FHA</subfield>
      <subfield code="p">04</subfield>
      <subfield code="X">System</subfield>
      <subfield code="U">2016-08-24 10:59:00</subfield>
      <subfield code="Y">2022-06-19 11:14:25</subfield>
      <subfield code="h">false</subfield>
      <subfield code="n">B 121 / MahlG / Liede / 1905 &lt;Ichbi&gt; / av</subfield>
      <subfield code="P">29/a/n/1</subfield>
      <subfield code="M">49HBZ_FUK</subfield>
      <subfield code="s">1</subfield>
      <subfield code="d">8</subfield>
      <subfield code="V">import</subfield>
      <subfield code="b">112628-500</subfield>
      <subfield code="a">2311251060006459</subfield>
      <subfield code="R">Maintenance count: 002</subfield>
      <subfield code="c">B 121 / MahlG / Liede / 1905 &lt;Ichbi&gt;</subfield>
      <subfield code="S">B2016.2815</subfield>
      <subfield code="B">2016.3001</subfield>
      <subfield code="D">20160901</subfield>
      <subfield code="W">2016-08-24 12:59:00</subfield>
      <subfield code="u">Z9036</subfield>
      <subfield code="w">Z9036</subfield>
    </datafield>
    <datafield tag="ITM" ind1=" " ind2=" ">
      <subfield code="H">2211251600006459</subfield>
      <subfield code="x">FHA</subfield>
      <subfield code="f">SCORE</subfield>
      <subfield code="v">FHA</subfield>
      <subfield code="p">04</subfield>
      <subfield code="X">System</subfield>
      <subfield code="U">2016-08-24 10:59:00</subfield>
      <subfield code="Y">2022-06-19 11:14:25</subfield>
      <subfield code="h">false</subfield>
      <subfield code="n">B 121 / MahlG / Liede / 1905 &lt;Ichbi&gt; / ac</subfield>
      <subfield code="P">29/a/n/1</subfield>
      <subfield code="M">49HBZ_FUK</subfield>
      <subfield code="s">1</subfield>
      <subfield code="d">8</subfield>
      <subfield code="V">import</subfield>
      <subfield code="b">112628-310</subfield>
      <subfield code="a">2311251230006459</subfield>
      <subfield code="R">Maintenance count: 001</subfield>
      <subfield code="c">B 121 / MahlG / Liede / 1905 &lt;Ichbi&gt;</subfield>
      <subfield code="S">B2016.2815</subfield>
      <subfield code="B">2016.2982</subfield>
      <subfield code="D">20160901</subfield>
      <subfield code="W">2016-08-24 12:59:00</subfield>
      <subfield code="u">Z9036</subfield>
      <subfield code="w">Z9036</subfield>
    </datafield>
    <datafield tag="ITM" ind1=" " ind2=" ">
      <subfield code="H">2211251600006459</subfield>
      <subfield code="x">FHA</subfield>
      <subfield code="f">SCORE</subfield>
      <subfield code="v">FHA</subfield>
      <subfield code="p">04</subfield>
      <subfield code="X">System</subfield>
      <subfield code="U">2013-02-28 10:59:00</subfield>
      <subfield code="Y">2022-06-19 11:14:25</subfield>
      <subfield code="h">false</subfield>
      <subfield code="n">B 121 / MahlG / Liede / 1905 &lt;Ichbi&gt; / c</subfield>
      <subfield code="M">49HBZ_FUK</subfield>
      <subfield code="s">1</subfield>
      <subfield code="d">8</subfield>
      <subfield code="V">import</subfield>
      <subfield code="b">112628-50</subfield>
      <subfield code="a">2311251520006459</subfield>
      <subfield code="R">Maintenance count: 001</subfield>
      <subfield code="c">B 121 / MahlG / Liede / 1905 &lt;Ichbi&gt;</subfield>
      <subfield code="B">2057 / 13</subfield>
      <subfield code="D">20130228</subfield>
      <subfield code="W">2013-02-28 11:59:00</subfield>
      <subfield code="u">Z9036</subfield>
      <subfield code="w">Z9036</subfield>
    </datafield>
    <datafield tag="ITM" ind1=" " ind2=" ">
      <subfield code="H">2211251600006459</subfield>
      <subfield code="x">FHA</subfield>
      <subfield code="f">SCORE</subfield>
      <subfield code="v">FHA</subfield>
      <subfield code="p">04</subfield>
      <subfield code="X">System</subfield>
      <subfield code="U">2016-08-24 10:59:00</subfield>
      <subfield code="Y">2022-06-19 11:14:25</subfield>
      <subfield code="h">false</subfield>
      <subfield code="n">B 121 / MahlG / Liede / 1905 &lt;Ichbi&gt; / y</subfield>
      <subfield code="P">29/a/n/1</subfield>
      <subfield code="M">49HBZ_FUK</subfield>
      <subfield code="s">1</subfield>
      <subfield code="d">8</subfield>
      <subfield code="V">import</subfield>
      <subfield code="b">112628-270</subfield>
      <subfield code="a">2311251270006459</subfield>
      <subfield code="R">Maintenance count: 001</subfield>
      <subfield code="c">B 121 / MahlG / Liede / 1905 &lt;Ichbi&gt;</subfield>
      <subfield code="S">B2016.2815</subfield>
      <subfield code="B">2016.2978</subfield>
      <subfield code="D">20160901</subfield>
      <subfield code="W">2016-08-24 12:59:00</subfield>
      <subfield code="u">Z9036</subfield>
      <subfield code="w">Z9036</subfield>
    </datafield>
    <datafield tag="ITM" ind1=" " ind2=" ">
      <subfield code="H">2211251600006459</subfield>
      <subfield code="x">FHA</subfield>
      <subfield code="f">SCORE</subfield>
      <subfield code="v">FHA</subfield>
      <subfield code="p">04</subfield>
      <subfield code="X">System</subfield>
      <subfield code="U">2013-02-28 10:59:00</subfield>
      <subfield code="Y">2022-06-19 11:14:25</subfield>
      <subfield code="h">false</subfield>
      <subfield code="n">B 121 / MahlG / Liede / 1905 &lt;Ichbi&gt; / b</subfield>
      <subfield code="M">49HBZ_FUK</subfield>
      <subfield code="s">1</subfield>
      <subfield code="d">8</subfield>
      <subfield code="V">import</subfield>
      <subfield code="b">112628-40</subfield>
      <subfield code="a">2311251540006459</subfield>
      <subfield code="R">Maintenance count: 001</subfield>
      <subfield code="c">B 121 / MahlG / Liede / 1905 &lt;Ichbi&gt;</subfield>
      <subfield code="B">2056 / 13</subfield>
      <subfield code="D">20130228</subfield>
      <subfield code="W">2013-02-28 11:59:00</subfield>
      <subfield code="u">Z9036</subfield>
      <subfield code="w">Z9036</subfield>
    </datafield>
    <datafield tag="ITM" ind1=" " ind2=" ">
      <subfield code="H">2211251600006459</subfield>
      <subfield code="x">FHA</subfield>
      <subfield code="f">SCORE</subfield>
      <subfield code="v">FHA</subfield>
      <subfield code="p">04</subfield>
      <subfield code="X">System</subfield>
      <subfield code="U">2016-08-24 10:59:00</subfield>
      <subfield code="Y">2022-06-19 11:14:25</subfield>
      <subfield code="h">false</subfield>
      <subfield code="n">B 121 / MahlG / Liede / 1905 &lt;Ichbi&gt; / w</subfield>
      <subfield code="P">29/a/n/1</subfield>
      <subfield code="M">49HBZ_FUK</subfield>
      <subfield code="s">1</subfield>
      <subfield code="d">8</subfield>
      <subfield code="V">import</subfield>
      <subfield code="b">112628-250</subfield>
      <subfield code="a">2311251300006459</subfield>
      <subfield code="R">Maintenance count: 001</subfield>
      <subfield code="c">B 121 / MahlG / Liede / 1905 &lt;Ichbi&gt;</subfield>
      <subfield code="S">B2016.2815</subfield>
      <subfield code="B">2016.2976</subfield>
      <subfield code="D">20160901</subfield>
      <subfield code="W">2016-08-24 12:59:00</subfield>
      <subfield code="u">Z9036</subfield>
      <subfield code="w">Z9036</subfield>
    </datafield>
    <datafield tag="ITM" ind1=" " ind2=" ">
      <subfield code="H">2211251600006459</subfield>
      <subfield code="x">FHA</subfield>
      <subfield code="f">SCORE</subfield>
      <subfield code="v">FHA</subfield>
      <subfield code="p">04</subfield>
      <subfield code="X">System</subfield>
      <subfield code="U">2013-02-28 10:59:00</subfield>
      <subfield code="Y">2022-06-19 11:14:25</subfield>
      <subfield code="h">false</subfield>
      <subfield code="n">B 121 / MahlG / Liede / 1905 &lt;Ichbi&gt; / s</subfield>
      <subfield code="M">49HBZ_FUK</subfield>
      <subfield code="s">1</subfield>
      <subfield code="d">8</subfield>
      <subfield code="V">import</subfield>
      <subfield code="b">112628-210</subfield>
      <subfield code="a">2311251360006459</subfield>
      <subfield code="R">Maintenance count: 001</subfield>
      <subfield code="c">B 121 / MahlG / Liede / 1905 &lt;Ichbi&gt;</subfield>
      <subfield code="B">2073 / 13</subfield>
      <subfield code="D">20130228</subfield>
      <subfield code="W">2013-02-28 11:59:00</subfield>
      <subfield code="u">Z9036</subfield>
      <subfield code="w">Z9036</subfield>
    </datafield>
    <datafield tag="ITM" ind1=" " ind2=" ">
      <subfield code="H">2211251600006459</subfield>
      <subfield code="x">FHA</subfield>
      <subfield code="f">SCORE</subfield>
      <subfield code="v">FHA</subfield>
      <subfield code="p">04</subfield>
      <subfield code="X">System</subfield>
      <subfield code="U">2013-02-28 10:59:00</subfield>
      <subfield code="Y">2022-06-19 11:14:25</subfield>
      <subfield code="h">false</subfield>
      <subfield code="n">B 121 / MahlG / Liede / 1905 &lt;Ichbi&gt; / q</subfield>
      <subfield code="M">49HBZ_FUK</subfield>
      <subfield code="s">1</subfield>
      <subfield code="d">8</subfield>
      <subfield code="V">import</subfield>
      <subfield code="b">112628-190</subfield>
      <subfield code="a">2311251380006459</subfield>
      <subfield code="R">Maintenance count: 001</subfield>
      <subfield code="c">B 121 / MahlG / Liede / 1905 &lt;Ichbi&gt;</subfield>
      <subfield code="B">2071 / 13</subfield>
      <subfield code="D">20130228</subfield>
      <subfield code="W">2013-02-28 11:59:00</subfield>
      <subfield code="u">Z9036</subfield>
      <subfield code="w">Z9036</subfield>
    </datafield>
    <datafield tag="ITM" ind1=" " ind2=" ">
      <subfield code="H">2211251600006459</subfield>
      <subfield code="x">FHA</subfield>
      <subfield code="f">SCORE</subfield>
      <subfield code="v">FHA</subfield>
      <subfield code="p">04</subfield>
      <subfield code="X">System</subfield>
      <subfield code="U">2013-02-28 10:59:00</subfield>
      <subfield code="Y">2022-06-19 11:14:25</subfield>
      <subfield code="h">false</subfield>
      <subfield code="n">B 121 / MahlG / Liede / 1905 &lt;Ichbi&gt; / n</subfield>
      <subfield code="M">49HBZ_FUK</subfield>
      <subfield code="s">1</subfield>
      <subfield code="d">8</subfield>
      <subfield code="V">import</subfield>
      <subfield code="b">112628-160</subfield>
      <subfield code="a">2311251410006459</subfield>
      <subfield code="R">Maintenance count: 001</subfield>
      <subfield code="c">B 121 / MahlG / Liede / 1905 &lt;Ichbi&gt;</subfield>
      <subfield code="B">2068 / 13</subfield>
      <subfield code="D">20130228</subfield>
      <subfield code="W">2013-02-28 11:59:00</subfield>
      <subfield code="u">Z9036</subfield>
      <subfield code="w">Z9036</subfield>
    </datafield>
    <datafield tag="ITM" ind1=" " ind2=" ">
      <subfield code="H">2211251600006459</subfield>
      <subfield code="x">FHA</subfield>
      <subfield code="f">SCORE</subfield>
      <subfield code="v">FHA</subfield>
      <subfield code="p">04</subfield>
      <subfield code="X">System</subfield>
      <subfield code="U">2013-02-28 10:59:00</subfield>
      <subfield code="Y">2022-06-19 11:14:25</subfield>
      <subfield code="h">false</subfield>
      <subfield code="n">B 121 / MahlG / Liede / 1905 &lt;Ichbi&gt; / l</subfield>
      <subfield code="M">49HBZ_FUK</subfield>
      <subfield code="s">1</subfield>
      <subfield code="d">8</subfield>
      <subfield code="V">import</subfield>
      <subfield code="b">112628-140</subfield>
      <subfield code="a">2311251430006459</subfield>
      <subfield code="R">Maintenance count: 001</subfield>
      <subfield code="c">B 121 / MahlG / Liede / 1905 &lt;Ichbi&gt;</subfield>
      <subfield code="B">2066 / 13</subfield>
      <subfield code="D">20130228</subfield>
      <subfield code="W">2013-02-28 11:59:00</subfield>
      <subfield code="u">Z9036</subfield>
      <subfield code="w">Z9036</subfield>
    </datafield>
    <datafield tag="ITM" ind1=" " ind2=" ">
      <subfield code="H">2211251600006459</subfield>
      <subfield code="x">FHA</subfield>
      <subfield code="f">SCORE</subfield>
      <subfield code="v">FHA</subfield>
      <subfield code="p">04</subfield>
      <subfield code="X">System</subfield>
      <subfield code="U">2013-02-28 10:59:00</subfield>
      <subfield code="Y">2022-06-19 11:14:25</subfield>
      <subfield code="h">false</subfield>
      <subfield code="n">B 121 / MahlG / Liede / 1905 &lt;Ichbi&gt; / j</subfield>
      <subfield code="M">49HBZ_FUK</subfield>
      <subfield code="s">1</subfield>
      <subfield code="d">8</subfield>
      <subfield code="V">import</subfield>
      <subfield code="b">112628-120</subfield>
      <subfield code="a">2311251450006459</subfield>
      <subfield code="R">Maintenance count: 001</subfield>
      <subfield code="c">B 121 / MahlG / Liede / 1905 &lt;Ichbi&gt;</subfield>
      <subfield code="B">2064 / 13</subfield>
      <subfield code="D">20130228</subfield>
      <subfield code="W">2013-02-28 11:59:00</subfield>
      <subfield code="u">Z9036</subfield>
      <subfield code="w">Z9036</subfield>
    </datafield>
    <datafield tag="ITM" ind1=" " ind2=" ">
      <subfield code="H">2211251600006459</subfield>
      <subfield code="x">FHA</subfield>
      <subfield code="f">SCORE</subfield>
      <subfield code="v">FHA</subfield>
      <subfield code="p">04</subfield>
      <subfield code="X">System</subfield>
      <subfield code="U">2013-02-28 10:59:00</subfield>
      <subfield code="Y">2022-06-19 11:14:25</subfield>
      <subfield code="h">false</subfield>
      <subfield code="n">B 121 / MahlG / Liede / 1905 &lt;Ichbi&gt; / h</subfield>
      <subfield code="M">49HBZ_FUK</subfield>
      <subfield code="s">1</subfield>
      <subfield code="d">8</subfield>
      <subfield code="V">import</subfield>
      <subfield code="b">112628-100</subfield>
      <subfield code="a">2311251470006459</subfield>
      <subfield code="R">Maintenance count: 001</subfield>
      <subfield code="c">B 121 / MahlG / Liede / 1905 &lt;Ichbi&gt;</subfield>
      <subfield code="B">2062 / 13</subfield>
      <subfield code="D">20130228</subfield>
      <subfield code="W">2013-02-28 11:59:00</subfield>
      <subfield code="u">Z9036</subfield>
      <subfield code="w">Z9036</subfield>
    </datafield>
    <datafield tag="ITM" ind1=" " ind2=" ">
      <subfield code="H">2211251600006459</subfield>
      <subfield code="x">FHA</subfield>
      <subfield code="f">SCORE</subfield>
      <subfield code="v">FHA</subfield>
      <subfield code="p">04</subfield>
      <subfield code="X">System</subfield>
      <subfield code="U">2013-02-28 10:59:00</subfield>
      <subfield code="Y">2022-06-19 11:14:25</subfield>
      <subfield code="h">false</subfield>
      <subfield code="n">B 121 / MahlG / Liede / 1905 &lt;Ichbi&gt; / f</subfield>
      <subfield code="M">49HBZ_FUK</subfield>
      <subfield code="s">1</subfield>
      <subfield code="d">8</subfield>
      <subfield code="V">import</subfield>
      <subfield code="b">112628-80</subfield>
      <subfield code="a">2311251490006459</subfield>
      <subfield code="R">Maintenance count: 001</subfield>
      <subfield code="c">B 121 / MahlG / Liede / 1905 &lt;Ichbi&gt;</subfield>
      <subfield code="B">2060 / 13</subfield>
      <subfield code="D">20130228</subfield>
      <subfield code="W">2013-02-28 11:59:00</subfield>
      <subfield code="u">Z9036</subfield>
      <subfield code="w">Z9036</subfield>
    </datafield>
    <datafield tag="ITM" ind1=" " ind2=" ">
      <subfield code="H">2211251600006459</subfield>
      <subfield code="x">FHA</subfield>
      <subfield code="f">SCORE</subfield>
      <subfield code="v">FHA</subfield>
      <subfield code="p">04</subfield>
      <subfield code="X">System</subfield>
      <subfield code="U">2016-11-02 10:59:00</subfield>
      <subfield code="Y">2022-06-19 11:14:25</subfield>
      <subfield code="h">false</subfield>
      <subfield code="n">B 121 / MahlG / Liede / 1905 &lt;Ichbi&gt; / bf</subfield>
      <subfield code="P">29/d/n/1</subfield>
      <subfield code="M">49HBZ_FUK</subfield>
      <subfield code="s">1</subfield>
      <subfield code="d">8</subfield>
      <subfield code="V">import</subfield>
      <subfield code="b">112628-600</subfield>
      <subfield code="a">2311250960006459</subfield>
      <subfield code="R">Maintenance count: 001</subfield>
      <subfield code="c">B 121 / MahlG / Liede / 1905 &lt;Ichbi&gt;</subfield>
      <subfield code="S">B2016.3581</subfield>
      <subfield code="B">2016.3926</subfield>
      <subfield code="D">20161110</subfield>
      <subfield code="W">2016-11-02 11:59:00</subfield>
      <subfield code="u">Z9036</subfield>
      <subfield code="w">Z9036</subfield>
    </datafield>
    <datafield tag="ITM" ind1=" " ind2=" ">
      <subfield code="H">2211251600006459</subfield>
      <subfield code="x">FHA</subfield>
      <subfield code="f">SCORE</subfield>
      <subfield code="v">FHA</subfield>
      <subfield code="p">04</subfield>
      <subfield code="X">System</subfield>
      <subfield code="U">2016-11-02 10:59:00</subfield>
      <subfield code="Y">2022-06-19 11:14:25</subfield>
      <subfield code="h">false</subfield>
      <subfield code="n">B 121 / MahlG / Liede / 1905 &lt;Ichbi&gt; / be</subfield>
      <subfield code="P">29/d/n/1</subfield>
      <subfield code="M">49HBZ_FUK</subfield>
      <subfield code="s">1</subfield>
      <subfield code="d">8</subfield>
      <subfield code="V">import</subfield>
      <subfield code="b">112628-590</subfield>
      <subfield code="a">2311250970006459</subfield>
      <subfield code="R">Maintenance count: 001</subfield>
      <subfield code="c">B 121 / MahlG / Liede / 1905 &lt;Ichbi&gt;</subfield>
      <subfield code="S">B2016.3581</subfield>
      <subfield code="B">2016.3925</subfield>
      <subfield code="D">20161110</subfield>
      <subfield code="W">2016-11-02 11:59:00</subfield>
      <subfield code="u">Z9036</subfield>
      <subfield code="w">Z9036</subfield>
    </datafield>
    <datafield tag="ITM" ind1=" " ind2=" ">
      <subfield code="H">2211251600006459</subfield>
      <subfield code="x">FHA</subfield>
      <subfield code="f">SCORE</subfield>
      <subfield code="v">FHA</subfield>
      <subfield code="p">04</subfield>
      <subfield code="X">System</subfield>
      <subfield code="U">2016-08-24 10:59:00</subfield>
      <subfield code="Y">2022-06-19 11:14:25</subfield>
      <subfield code="h">false</subfield>
      <subfield code="n">B 121 / MahlG / Liede / 1905 &lt;Ichbi&gt; / ao</subfield>
      <subfield code="P">29/a/n/1</subfield>
      <subfield code="M">49HBZ_FUK</subfield>
      <subfield code="s">1</subfield>
      <subfield code="d">8</subfield>
      <subfield code="V">import</subfield>
      <subfield code="b">112628-430</subfield>
      <subfield code="a">2311251130006459</subfield>
      <subfield code="R">Maintenance count: 001</subfield>
      <subfield code="c">B 121 / MahlG / Liede / 1905 &lt;Ichbi&gt;</subfield>
      <subfield code="S">B2016.2815</subfield>
      <subfield code="B">2016.2994</subfield>
      <subfield code="D">20160901</subfield>
      <subfield code="W">2016-08-24 12:59:00</subfield>
      <subfield code="u">Z9036</subfield>
      <subfield code="w">Z9036</subfield>
    </datafield>
    <datafield tag="ITM" ind1=" " ind2=" ">
      <subfield code="H">2211250930006459</subfield>
      <subfield code="x">FHP</subfield>
      <subfield code="f">SCORE</subfield>
      <subfield code="v">FHP</subfield>
      <subfield code="p">64</subfield>
      <subfield code="X">System</subfield>
      <subfield code="U">2016-08-24 10:59:00</subfield>
      <subfield code="Y">2022-06-19 11:14:25</subfield>
      <subfield code="h">false</subfield>
      <subfield code="n">B 121 / MahlG / Liede / 1905 &lt;Ichbi&gt; / aj</subfield>
      <subfield code="P">29/a/n/1</subfield>
      <subfield code="M">49HBZ_FUK</subfield>
      <subfield code="s">1</subfield>
      <subfield code="d">8</subfield>
      <subfield code="V">import</subfield>
      <subfield code="b">112628-380</subfield>
      <subfield code="a">2311250920006459</subfield>
      <subfield code="R">Maintenance count: 001</subfield>
      <subfield code="c">B 121 / MahlG / Liede / 1905 &lt;Ichbi&gt;</subfield>
      <subfield code="S">B2016.2815</subfield>
      <subfield code="B">2016.2989</subfield>
      <subfield code="D">20160901</subfield>
      <subfield code="W">2016-08-24 12:59:00</subfield>
      <subfield code="u">Z9036</subfield>
      <subfield code="w">Z9036</subfield>
    </datafield>
    <datafield tag="ITM" ind1=" " ind2=" ">
      <subfield code="H">2211251600006459</subfield>
      <subfield code="x">FHA</subfield>
      <subfield code="f">SCORE</subfield>
      <subfield code="v">FHA</subfield>
      <subfield code="p">04</subfield>
      <subfield code="X">System</subfield>
      <subfield code="U">2016-08-24 10:59:00</subfield>
      <subfield code="Y">2022-06-19 11:14:25</subfield>
      <subfield code="h">false</subfield>
      <subfield code="n">B 121 / MahlG / Liede / 1905 &lt;Ichbi&gt; / x</subfield>
      <subfield code="P">29/a/n/1</subfield>
      <subfield code="M">49HBZ_FUK</subfield>
      <subfield code="s">1</subfield>
      <subfield code="d">8</subfield>
      <subfield code="V">import</subfield>
      <subfield code="b">112628-260</subfield>
      <subfield code="a">2311251290006459</subfield>
      <subfield code="R">Maintenance count: 001</subfield>
      <subfield code="c">B 121 / MahlG / Liede / 1905 &lt;Ichbi&gt;</subfield>
      <subfield code="S">B2016.2815</subfield>
      <subfield code="B">2016.2977</subfield>
      <subfield code="D">20160901</subfield>
      <subfield code="W">2016-08-24 12:59:00</subfield>
      <subfield code="u">Z9036</subfield>
      <subfield code="w">Z9036</subfield>
    </datafield>
    <datafield tag="ITM" ind1=" " ind2=" ">
      <subfield code="H">2211251600006459</subfield>
      <subfield code="x">FHA</subfield>
      <subfield code="f">SCORE</subfield>
      <subfield code="v">FHA</subfield>
      <subfield code="p">04</subfield>
      <subfield code="X">System</subfield>
      <subfield code="U">2016-11-02 10:59:00</subfield>
      <subfield code="Y">2022-06-19 11:14:25</subfield>
      <subfield code="h">false</subfield>
      <subfield code="n">B 121 / MahlG / Liede / 1905 &lt;Ichbi&gt; / bc</subfield>
      <subfield code="P">29/d/n/1</subfield>
      <subfield code="M">49HBZ_FUK</subfield>
      <subfield code="s">1</subfield>
      <subfield code="d">8</subfield>
      <subfield code="V">import</subfield>
      <subfield code="b">112628-570</subfield>
      <subfield code="a">2311250990006459</subfield>
      <subfield code="R">Maintenance count: 001</subfield>
      <subfield code="c">B 121 / MahlG / Liede / 1905 &lt;Ichbi&gt;</subfield>
      <subfield code="S">B2016.3581</subfield>
      <subfield code="B">2016.3923</subfield>
      <subfield code="D">20161110</subfield>
      <subfield code="W">2016-11-02 11:59:00</subfield>
      <subfield code="u">Z9036</subfield>
      <subfield code="w">Z9036</subfield>
    </datafield>
    <datafield tag="ITM" ind1=" " ind2=" ">
      <subfield code="H">2211251600006459</subfield>
      <subfield code="x">FHA</subfield>
      <subfield code="f">SCORE</subfield>
      <subfield code="v">FHA</subfield>
      <subfield code="p">04</subfield>
      <subfield code="X">System</subfield>
      <subfield code="U">2016-11-02 10:59:00</subfield>
      <subfield code="Y">2022-06-19 11:14:25</subfield>
      <subfield code="h">false</subfield>
      <subfield code="n">B 121 / MahlG / Liede / 1905 &lt;Ichbi&gt; / bg</subfield>
      <subfield code="P">29/d/n/1</subfield>
      <subfield code="M">49HBZ_FUK</subfield>
      <subfield code="s">1</subfield>
      <subfield code="d">8</subfield>
      <subfield code="V">import</subfield>
      <subfield code="b">112628-610</subfield>
      <subfield code="a">2311250940006459</subfield>
      <subfield code="R">Maintenance count: 001</subfield>
      <subfield code="c">B 121 / MahlG / Liede / 1905 &lt;Ichbi&gt;</subfield>
      <subfield code="S">B2016.3581</subfield>
      <subfield code="B">2016.3927</subfield>
      <subfield code="D">20161110</subfield>
      <subfield code="W">2016-11-02 11:59:00</subfield>
      <subfield code="u">Z9036</subfield>
      <subfield code="w">Z9036</subfield>
    </datafield>
    <datafield tag="ITM" ind1=" " ind2=" ">
      <subfield code="H">2211251600006459</subfield>
      <subfield code="x">FHA</subfield>
      <subfield code="f">SCORE</subfield>
      <subfield code="v">FHA</subfield>
      <subfield code="p">04</subfield>
      <subfield code="X">System</subfield>
      <subfield code="U">2016-11-02 10:59:00</subfield>
      <subfield code="Y">2022-06-19 11:14:25</subfield>
      <subfield code="h">false</subfield>
      <subfield code="n">B 121 / MahlG / Liede / 1905 &lt;Ichbi&gt; / bd</subfield>
      <subfield code="P">29/d/n/1</subfield>
      <subfield code="M">49HBZ_FUK</subfield>
      <subfield code="s">1</subfield>
      <subfield code="d">8</subfield>
      <subfield code="V">import</subfield>
      <subfield code="b">112628-580</subfield>
      <subfield code="a">2311250980006459</subfield>
      <subfield code="R">Maintenance count: 001</subfield>
      <subfield code="c">B 121 / MahlG / Liede / 1905 &lt;Ichbi&gt;</subfield>
      <subfield code="S">B2016.3581</subfield>
      <subfield code="B">2016.3924</subfield>
      <subfield code="D">20161110</subfield>
      <subfield code="W">2016-11-02 11:59:00</subfield>
      <subfield code="u">Z9036</subfield>
      <subfield code="w">Z9036</subfield>
    </datafield>
    <datafield tag="ITM" ind1=" " ind2=" ">
      <subfield code="H">2211251600006459</subfield>
      <subfield code="x">FHA</subfield>
      <subfield code="f">SCORE</subfield>
      <subfield code="v">FHA</subfield>
      <subfield code="p">04</subfield>
      <subfield code="X">System</subfield>
      <subfield code="U">2016-08-24 10:59:00</subfield>
      <subfield code="Y">2022-06-19 11:14:25</subfield>
      <subfield code="h">false</subfield>
      <subfield code="n">B 121 / MahlG / Liede / 1905 &lt;Ichbi&gt; / aq</subfield>
      <subfield code="P">29/a/n/1</subfield>
      <subfield code="M">49HBZ_FUK</subfield>
      <subfield code="s">1</subfield>
      <subfield code="d">8</subfield>
      <subfield code="V">import</subfield>
      <subfield code="b">112628-450</subfield>
      <subfield code="a">2311251110006459</subfield>
      <subfield code="R">Maintenance count: 001</subfield>
      <subfield code="c">B 121 / MahlG / Liede / 1905 &lt;Ichbi&gt;</subfield>
      <subfield code="S">B2016.2815</subfield>
      <subfield code="B">2016.2996</subfield>
      <subfield code="D">20160901</subfield>
      <subfield code="W">2016-08-24 12:59:00</subfield>
      <subfield code="u">Z9036</subfield>
      <subfield code="w">Z9036</subfield>
    </datafield>
    <datafield tag="ITM" ind1=" " ind2=" ">
      <subfield code="H">2211250910006459</subfield>
      <subfield code="x">FHP</subfield>
      <subfield code="f">SCORE</subfield>
      <subfield code="v">FHP</subfield>
      <subfield code="p">64</subfield>
      <subfield code="X">System</subfield>
      <subfield code="U">2017-08-21 10:59:00</subfield>
      <subfield code="Y">2022-06-19 11:14:25</subfield>
      <subfield code="h">false</subfield>
      <subfield code="P">29/a/n/1</subfield>
      <subfield code="M">49HBZ_FUK</subfield>
      <subfield code="s">0</subfield>
      <subfield code="d">#</subfield>
      <subfield code="V">import</subfield>
      <subfield code="L">Makuliert am 21.08.2017</subfield>
      <subfield code="b">112628-620</subfield>
      <subfield code="O">Process Status: AB</subfield>
      <subfield code="a">2311250900006459</subfield>
      <subfield code="r">TECHNICAL</subfield>
      <subfield code="S">B2016.2815</subfield>
      <subfield code="B">2016.2986</subfield>
      <subfield code="W">2017-08-21 12:59:00</subfield>
      <subfield code="u">Z9036</subfield>
      <subfield code="w">Z9036</subfield>
    </datafield>
    <datafield tag="ITM" ind1=" " ind2=" ">
      <subfield code="H">2211251600006459</subfield>
      <subfield code="x">FHA</subfield>
      <subfield code="f">SCORE</subfield>
      <subfield code="v">FHA</subfield>
      <subfield code="p">04</subfield>
      <subfield code="X">System</subfield>
      <subfield code="U">2016-08-24 10:59:00</subfield>
      <subfield code="Y">2022-06-19 11:14:25</subfield>
      <subfield code="h">false</subfield>
      <subfield code="n">B 121 / MahlG / Liede / 1905 &lt;Ichbi&gt; / ar</subfield>
      <subfield code="P">29/a/n/1</subfield>
      <subfield code="M">49HBZ_FUK</subfield>
      <subfield code="s">1</subfield>
      <subfield code="d">8</subfield>
      <subfield code="V">import</subfield>
      <subfield code="b">112628-460</subfield>
      <subfield code="a">2311251100006459</subfield>
      <subfield code="R">Maintenance count: 001</subfield>
      <subfield code="c">B 121 / MahlG / Liede / 1905 &lt;Ichbi&gt;</subfield>
      <subfield code="S">B2016.2815</subfield>
      <subfield code="B">2016.2997</subfield>
      <subfield code="D">20160901</subfield>
      <subfield code="W">2016-08-24 12:59:00</subfield>
      <subfield code="u">Z9036</subfield>
      <subfield code="w">Z9036</subfield>
    </datafield>
    <datafield tag="ITM" ind1=" " ind2=" ">
      <subfield code="H">2211251600006459</subfield>
      <subfield code="x">FHA</subfield>
      <subfield code="f">SCORE</subfield>
      <subfield code="v">FHA</subfield>
      <subfield code="p">04</subfield>
      <subfield code="X">System</subfield>
      <subfield code="U">2016-08-24 10:59:00</subfield>
      <subfield code="Y">2022-06-19 11:14:25</subfield>
      <subfield code="h">false</subfield>
      <subfield code="n">B 121 / MahlG / Liede / 1905 &lt;Ichbi&gt; / ap</subfield>
      <subfield code="P">29/a/n/1</subfield>
      <subfield code="M">49HBZ_FUK</subfield>
      <subfield code="s">1</subfield>
      <subfield code="d">8</subfield>
      <subfield code="V">import</subfield>
      <subfield code="b">112628-440</subfield>
      <subfield code="a">2311251120006459</subfield>
      <subfield code="R">Maintenance count: 001</subfield>
      <subfield code="c">B 121 / MahlG / Liede / 1905 &lt;Ichbi&gt;</subfield>
      <subfield code="S">B2016.2815</subfield>
      <subfield code="B">2016.2995</subfield>
      <subfield code="D">20160901</subfield>
      <subfield code="W">2016-08-24 12:59:00</subfield>
      <subfield code="u">Z9036</subfield>
      <subfield code="w">Z9036</subfield>
    </datafield>
    <datafield tag="ITM" ind1=" " ind2=" ">
      <subfield code="H">2211251600006459</subfield>
      <subfield code="x">FHA</subfield>
      <subfield code="f">SCORE</subfield>
      <subfield code="v">FHA</subfield>
      <subfield code="p">04</subfield>
      <subfield code="X">System</subfield>
      <subfield code="U">2016-08-24 10:59:00</subfield>
      <subfield code="Y">2022-06-19 11:14:25</subfield>
      <subfield code="h">false</subfield>
      <subfield code="n">B 121 / MahlG / Liede / 1905 &lt;Ichbi&gt; / an</subfield>
      <subfield code="P">29/a/n/1</subfield>
      <subfield code="M">49HBZ_FUK</subfield>
      <subfield code="s">1</subfield>
      <subfield code="d">8</subfield>
      <subfield code="V">import</subfield>
      <subfield code="b">112628-420</subfield>
      <subfield code="a">2311251140006459</subfield>
      <subfield code="R">Maintenance count: 001</subfield>
      <subfield code="c">B 121 / MahlG / Liede / 1905 &lt;Ichbi&gt;</subfield>
      <subfield code="S">B2016.2815</subfield>
      <subfield code="B">2016.2993</subfield>
      <subfield code="D">20160901</subfield>
      <subfield code="W">2016-08-24 12:59:00</subfield>
      <subfield code="u">Z9036</subfield>
      <subfield code="w">Z9036</subfield>
    </datafield>
    <datafield tag="ITM" ind1=" " ind2=" ">
      <subfield code="H">2211251600006459</subfield>
      <subfield code="x">FHA</subfield>
      <subfield code="f">SCORE</subfield>
      <subfield code="v">FHA</subfield>
      <subfield code="p">04</subfield>
      <subfield code="X">System</subfield>
      <subfield code="U">2016-08-24 10:59:00</subfield>
      <subfield code="Y">2022-06-19 11:14:25</subfield>
      <subfield code="h">false</subfield>
      <subfield code="n">B 121 / MahlG / Liede / 1905 &lt;Ichbi&gt; / am</subfield>
      <subfield code="P">29/a/n/1</subfield>
      <subfield code="M">49HBZ_FUK</subfield>
      <subfield code="s">1</subfield>
      <subfield code="d">8</subfield>
      <subfield code="V">import</subfield>
      <subfield code="b">112628-410</subfield>
      <subfield code="a">2311251150006459</subfield>
      <subfield code="R">Maintenance count: 001</subfield>
      <subfield code="c">B 121 / MahlG / Liede / 1905 &lt;Ichbi&gt;</subfield>
      <subfield code="S">B2016.2815</subfield>
      <subfield code="B">2016.2992</subfield>
      <subfield code="D">20160901</subfield>
      <subfield code="W">2016-08-24 12:59:00</subfield>
      <subfield code="u">Z9036</subfield>
      <subfield code="w">Z9036</subfield>
    </datafield>
    <datafield tag="ITM" ind1=" " ind2=" ">
      <subfield code="H">2211251600006459</subfield>
      <subfield code="x">FHA</subfield>
      <subfield code="f">SCORE</subfield>
      <subfield code="v">FHA</subfield>
      <subfield code="p">04</subfield>
      <subfield code="X">System</subfield>
      <subfield code="U">2016-08-24 10:59:00</subfield>
      <subfield code="Y">2022-06-19 11:14:25</subfield>
      <subfield code="h">false</subfield>
      <subfield code="n">B 121 / MahlG / Liede / 1905 &lt;Ichbi&gt; / al</subfield>
      <subfield code="P">29/a/n/1</subfield>
      <subfield code="M">49HBZ_FUK</subfield>
      <subfield code="s">1</subfield>
      <subfield code="d">8</subfield>
      <subfield code="V">import</subfield>
      <subfield code="b">112628-400</subfield>
      <subfield code="a">2311251160006459</subfield>
      <subfield code="R">Maintenance count: 001</subfield>
      <subfield code="c">B 121 / MahlG / Liede / 1905 &lt;Ichbi&gt;</subfield>
      <subfield code="S">B2016.2815</subfield>
      <subfield code="B">2016.2991</subfield>
      <subfield code="D">20160901</subfield>
      <subfield code="W">2016-08-24 12:59:00</subfield>
      <subfield code="u">Z9036</subfield>
      <subfield code="w">Z9036</subfield>
    </datafield>
    <datafield tag="ITM" ind1=" " ind2=" ">
      <subfield code="H">2211251600006459</subfield>
      <subfield code="x">FHA</subfield>
      <subfield code="f">SCORE</subfield>
      <subfield code="v">FHA</subfield>
      <subfield code="p">04</subfield>
      <subfield code="X">System</subfield>
      <subfield code="U">2016-08-24 10:59:00</subfield>
      <subfield code="Y">2022-06-19 11:14:25</subfield>
      <subfield code="h">false</subfield>
      <subfield code="n">B 121 / MahlG / Liede / 1905 &lt;Ichbi&gt; / au</subfield>
      <subfield code="P">29/a/n/1</subfield>
      <subfield code="M">49HBZ_FUK</subfield>
      <subfield code="s">1</subfield>
      <subfield code="d">8</subfield>
      <subfield code="V">import</subfield>
      <subfield code="b">112628-490</subfield>
      <subfield code="a">2311251070006459</subfield>
      <subfield code="R">Maintenance count: 001</subfield>
      <subfield code="c">B 121 / MahlG / Liede / 1905 &lt;Ichbi&gt;</subfield>
      <subfield code="S">B2016.2815</subfield>
      <subfield code="B">2016.3000</subfield>
      <subfield code="D">20160901</subfield>
      <subfield code="W">2016-08-24 12:59:00</subfield>
      <subfield code="u">Z9036</subfield>
      <subfield code="w">Z9036</subfield>
    </datafield>
    <datafield tag="ITM" ind1=" " ind2=" ">
      <subfield code="H">2211251600006459</subfield>
      <subfield code="x">FHA</subfield>
      <subfield code="f">SCORE</subfield>
      <subfield code="v">FHA</subfield>
      <subfield code="p">04</subfield>
      <subfield code="X">System</subfield>
      <subfield code="U">2016-08-24 10:59:00</subfield>
      <subfield code="Y">2022-06-19 11:14:25</subfield>
      <subfield code="h">false</subfield>
      <subfield code="n">B 121 / MahlG / Liede / 1905 &lt;Ichbi&gt; / as</subfield>
      <subfield code="P">29/a/n/1</subfield>
      <subfield code="M">49HBZ_FUK</subfield>
      <subfield code="s">1</subfield>
      <subfield code="d">8</subfield>
      <subfield code="V">import</subfield>
      <subfield code="b">112628-470</subfield>
      <subfield code="a">2311251090006459</subfield>
      <subfield code="R">Maintenance count: 001</subfield>
      <subfield code="c">B 121 / MahlG / Liede / 1905 &lt;Ichbi&gt;</subfield>
      <subfield code="S">B2016.2815</subfield>
      <subfield code="B">2016.2998</subfield>
      <subfield code="D">20160901</subfield>
      <subfield code="W">2016-08-24 12:59:00</subfield>
      <subfield code="u">Z9036</subfield>
      <subfield code="w">Z9036</subfield>
    </datafield>
    <datafield tag="ITM" ind1=" " ind2=" ">
      <subfield code="H">2211251600006459</subfield>
      <subfield code="x">FHA</subfield>
      <subfield code="f">SCORE</subfield>
      <subfield code="v">FHA</subfield>
      <subfield code="p">04</subfield>
      <subfield code="X">System</subfield>
      <subfield code="U">2016-08-24 10:59:00</subfield>
      <subfield code="Y">2022-06-19 11:14:25</subfield>
      <subfield code="h">false</subfield>
      <subfield code="n">B 121 / MahlG / Liede / 1905 &lt;Ichbi&gt; / ab</subfield>
      <subfield code="P">29/a/n/1</subfield>
      <subfield code="M">49HBZ_FUK</subfield>
      <subfield code="s">1</subfield>
      <subfield code="d">8</subfield>
      <subfield code="V">import</subfield>
      <subfield code="b">112628-300</subfield>
      <subfield code="a">2311251240006459</subfield>
      <subfield code="R">Maintenance count: 001</subfield>
      <subfield code="c">B 121 / MahlG / Liede / 1905 &lt;Ichbi&gt;</subfield>
      <subfield code="S">B2016.2815</subfield>
      <subfield code="B">2016.2981</subfield>
      <subfield code="D">20160901</subfield>
      <subfield code="W">2016-08-24 12:59:00</subfield>
      <subfield code="u">Z9036</subfield>
      <subfield code="w">Z9036</subfield>
    </datafield>
    <datafield tag="ITM" ind1=" " ind2=" ">
      <subfield code="H">2211251600006459</subfield>
      <subfield code="x">FHA</subfield>
      <subfield code="f">SCORE</subfield>
      <subfield code="v">FHA</subfield>
      <subfield code="p">04</subfield>
      <subfield code="X">System</subfield>
      <subfield code="U">2016-08-24 10:59:00</subfield>
      <subfield code="Y">2022-06-19 11:14:25</subfield>
      <subfield code="h">false</subfield>
      <subfield code="n">B 121 / MahlG / Liede / 1905 &lt;Ichbi&gt; / z</subfield>
      <subfield code="P">29/a/n/1</subfield>
      <subfield code="M">49HBZ_FUK</subfield>
      <subfield code="s">1</subfield>
      <subfield code="d">8</subfield>
      <subfield code="V">import</subfield>
      <subfield code="b">112628-280</subfield>
      <subfield code="a">2311251260006459</subfield>
      <subfield code="R">Maintenance count: 001</subfield>
      <subfield code="c">B 121 / MahlG / Liede / 1905 &lt;Ichbi&gt;</subfield>
      <subfield code="S">B2016.2815</subfield>
      <subfield code="B">2016.2979</subfield>
      <subfield code="D">20160901</subfield>
      <subfield code="W">2016-08-24 12:59:00</subfield>
      <subfield code="u">Z9036</subfield>
      <subfield code="w">Z9036</subfield>
    </datafield>
    <datafield tag="ITM" ind1=" " ind2=" ">
      <subfield code="H">2211251600006459</subfield>
      <subfield code="x">FHA</subfield>
      <subfield code="f">SCORE</subfield>
      <subfield code="v">FHA</subfield>
      <subfield code="p">04</subfield>
      <subfield code="X">System</subfield>
      <subfield code="U">2013-02-28 10:59:00</subfield>
      <subfield code="Y">2022-06-19 11:14:25</subfield>
      <subfield code="h">false</subfield>
      <subfield code="n">B 121 / MahlG / Liede / 1905 &lt;Ichbi&gt; / d</subfield>
      <subfield code="M">49HBZ_FUK</subfield>
      <subfield code="s">1</subfield>
      <subfield code="d">8</subfield>
      <subfield code="V">import</subfield>
      <subfield code="b">112628-60</subfield>
      <subfield code="a">2311251510006459</subfield>
      <subfield code="R">Maintenance count: 002</subfield>
      <subfield code="c">B 121 / MahlG / Liede / 1905 &lt;Ichbi&gt;</subfield>
      <subfield code="B">2058 / 13</subfield>
      <subfield code="D">20130228</subfield>
      <subfield code="W">2013-02-28 11:59:00</subfield>
      <subfield code="u">Z9036</subfield>
      <subfield code="w">Z9036</subfield>
    </datafield>
    <datafield tag="ITM" ind1=" " ind2=" ">
      <subfield code="H">2211251600006459</subfield>
      <subfield code="x">FHA</subfield>
      <subfield code="f">SCORE</subfield>
      <subfield code="v">FHA</subfield>
      <subfield code="p">04</subfield>
      <subfield code="X">System</subfield>
      <subfield code="U">2016-08-24 10:59:00</subfield>
      <subfield code="Y">2022-06-19 11:14:25</subfield>
      <subfield code="h">false</subfield>
      <subfield code="n">B 121 / MahlG / Liede / 1905 &lt;Ichbi&gt; / t</subfield>
      <subfield code="P">29/a/n/1</subfield>
      <subfield code="M">49HBZ_FUK</subfield>
      <subfield code="s">1</subfield>
      <subfield code="d">8</subfield>
      <subfield code="V">import</subfield>
      <subfield code="b">112628-220</subfield>
      <subfield code="a">2311251350006459</subfield>
      <subfield code="R">Maintenance count: 001</subfield>
      <subfield code="c">B 121 / MahlG / Liede / 1905 &lt;Ichbi&gt;</subfield>
      <subfield code="S">B2016.2815</subfield>
      <subfield code="B">2016.2973</subfield>
      <subfield code="D">20160901</subfield>
      <subfield code="W">2016-08-24 12:59:00</subfield>
      <subfield code="u">Z9036</subfield>
      <subfield code="w">Z9036</subfield>
    </datafield>
    <datafield tag="ITM" ind1=" " ind2=" ">
      <subfield code="H">2211251600006459</subfield>
      <subfield code="x">FHA</subfield>
      <subfield code="f">SCORE</subfield>
      <subfield code="v">FHA</subfield>
      <subfield code="p">04</subfield>
      <subfield code="X">System</subfield>
      <subfield code="U">2016-08-24 10:59:00</subfield>
      <subfield code="Y">2022-06-19 11:14:25</subfield>
      <subfield code="h">false</subfield>
      <subfield code="n">B 121 / MahlG / Liede / 1905 &lt;Ichbi&gt; / v</subfield>
      <subfield code="P">29/a/n/1</subfield>
      <subfield code="M">49HBZ_FUK</subfield>
      <subfield code="s">1</subfield>
      <subfield code="d">8</subfield>
      <subfield code="V">import</subfield>
      <subfield code="b">112628-240</subfield>
      <subfield code="a">2311251310006459</subfield>
      <subfield code="R">Maintenance count: 001</subfield>
      <subfield code="c">B 121 / MahlG / Liede / 1905 &lt;Ichbi&gt;</subfield>
      <subfield code="S">B2016.2815</subfield>
      <subfield code="B">2016.2975</subfield>
      <subfield code="D">20160901</subfield>
      <subfield code="W">2016-08-24 12:59:00</subfield>
      <subfield code="u">Z9036</subfield>
      <subfield code="w">Z9036</subfield>
    </datafield>
    <datafield tag="ITM" ind1=" " ind2=" ">
      <subfield code="H">2211251600006459</subfield>
      <subfield code="x">FHA</subfield>
      <subfield code="f">SCORE</subfield>
      <subfield code="v">FHA</subfield>
      <subfield code="p">04</subfield>
      <subfield code="X">System</subfield>
      <subfield code="U">2013-02-28 10:59:00</subfield>
      <subfield code="Y">2022-06-19 11:14:25</subfield>
      <subfield code="h">false</subfield>
      <subfield code="n">B 121 / MahlG / Liede / 1905 &lt;Ichbi&gt; / r</subfield>
      <subfield code="M">49HBZ_FUK</subfield>
      <subfield code="s">1</subfield>
      <subfield code="d">8</subfield>
      <subfield code="V">import</subfield>
      <subfield code="b">112628-200</subfield>
      <subfield code="a">2311251370006459</subfield>
      <subfield code="R">Maintenance count: 001</subfield>
      <subfield code="c">B 121 / MahlG / Liede / 1905 &lt;Ichbi&gt;</subfield>
      <subfield code="B">2072 / 13</subfield>
      <subfield code="D">20130228</subfield>
      <subfield code="W">2013-02-28 11:59:00</subfield>
      <subfield code="u">Z9036</subfield>
      <subfield code="w">Z9036</subfield>
    </datafield>
    <datafield tag="ITM" ind1=" " ind2=" ">
      <subfield code="H">2211251600006459</subfield>
      <subfield code="x">FHA</subfield>
      <subfield code="f">SCORE</subfield>
      <subfield code="v">FHA</subfield>
      <subfield code="p">04</subfield>
      <subfield code="X">System</subfield>
      <subfield code="U">2013-02-28 10:59:00</subfield>
      <subfield code="Y">2022-06-19 11:14:25</subfield>
      <subfield code="h">false</subfield>
      <subfield code="n">B 121 / MahlG / Liede / 1905 &lt;Ichbi&gt; / o</subfield>
      <subfield code="M">49HBZ_FUK</subfield>
      <subfield code="s">1</subfield>
      <subfield code="d">8</subfield>
      <subfield code="V">import</subfield>
      <subfield code="b">112628-170</subfield>
      <subfield code="a">2311251400006459</subfield>
      <subfield code="R">Maintenance count: 001</subfield>
      <subfield code="c">B 121 / MahlG / Liede / 1905 &lt;Ichbi&gt;</subfield>
      <subfield code="B">2069 / 13</subfield>
      <subfield code="D">20130228</subfield>
      <subfield code="W">2013-02-28 11:59:00</subfield>
      <subfield code="u">Z9036</subfield>
      <subfield code="w">Z9036</subfield>
    </datafield>
    <datafield tag="ITM" ind1=" " ind2=" ">
      <subfield code="H">2211251600006459</subfield>
      <subfield code="x">FHA</subfield>
      <subfield code="f">SCORE</subfield>
      <subfield code="v">FHA</subfield>
      <subfield code="p">04</subfield>
      <subfield code="X">System</subfield>
      <subfield code="U">2013-02-28 10:59:00</subfield>
      <subfield code="Y">2022-06-19 11:14:25</subfield>
      <subfield code="h">false</subfield>
      <subfield code="n">B 121 / MahlG / Liede / 1905 &lt;Ichbi&gt; / g</subfield>
      <subfield code="M">49HBZ_FUK</subfield>
      <subfield code="s">1</subfield>
      <subfield code="d">8</subfield>
      <subfield code="V">import</subfield>
      <subfield code="b">112628-90</subfield>
      <subfield code="a">2311251480006459</subfield>
      <subfield code="R">Maintenance count: 001</subfield>
      <subfield code="c">B 121 / MahlG / Liede / 1905 &lt;Ichbi&gt;</subfield>
      <subfield code="B">2061 / 13</subfield>
      <subfield code="D">20130228</subfield>
      <subfield code="W">2013-02-28 11:59:00</subfield>
      <subfield code="u">Z9036</subfield>
      <subfield code="w">Z9036</subfield>
    </datafield>
    <datafield tag="ITM" ind1=" " ind2=" ">
      <subfield code="H">2211251600006459</subfield>
      <subfield code="x">FHA</subfield>
      <subfield code="f">SCORE</subfield>
      <subfield code="v">FHA</subfield>
      <subfield code="p">04</subfield>
      <subfield code="X">System</subfield>
      <subfield code="U">2013-02-28 10:59:00</subfield>
      <subfield code="Y">2022-06-19 11:14:25</subfield>
      <subfield code="h">false</subfield>
      <subfield code="n">B 121 / MahlG / Liede / 1905 &lt;Ichbi&gt; / m</subfield>
      <subfield code="M">49HBZ_FUK</subfield>
      <subfield code="s">1</subfield>
      <subfield code="d">8</subfield>
      <subfield code="V">import</subfield>
      <subfield code="b">112628-150</subfield>
      <subfield code="a">2311251420006459</subfield>
      <subfield code="R">Maintenance count: 002</subfield>
      <subfield code="c">B 121 / MahlG / Liede / 1905 &lt;Ichbi&gt;</subfield>
      <subfield code="B">2067 / 13</subfield>
      <subfield code="D">20130228</subfield>
      <subfield code="W">2013-02-28 11:59:00</subfield>
      <subfield code="u">Z9036</subfield>
      <subfield code="w">Z9036</subfield>
    </datafield>
    <datafield tag="ITM" ind1=" " ind2=" ">
      <subfield code="H">2211251600006459</subfield>
      <subfield code="x">FHA</subfield>
      <subfield code="f">SCORE</subfield>
      <subfield code="v">FHA</subfield>
      <subfield code="p">04</subfield>
      <subfield code="X">System</subfield>
      <subfield code="U">2013-02-28 10:59:00</subfield>
      <subfield code="Y">2022-06-19 11:14:25</subfield>
      <subfield code="h">false</subfield>
      <subfield code="n">B 121 / MahlG / Liede / 1905 &lt;Ichbi&gt; / k</subfield>
      <subfield code="M">49HBZ_FUK</subfield>
      <subfield code="s">1</subfield>
      <subfield code="d">8</subfield>
      <subfield code="V">import</subfield>
      <subfield code="b">112628-130</subfield>
      <subfield code="a">2311251440006459</subfield>
      <subfield code="R">Maintenance count: 001</subfield>
      <subfield code="c">B 121 / MahlG / Liede / 1905 &lt;Ichbi&gt;</subfield>
      <subfield code="B">2065 / 13</subfield>
      <subfield code="D">20130228</subfield>
      <subfield code="W">2013-02-28 11:59:00</subfield>
      <subfield code="u">Z9036</subfield>
      <subfield code="w">Z9036</subfield>
    </datafield>
    <datafield tag="ITM" ind1=" " ind2=" ">
      <subfield code="H">2211251600006459</subfield>
      <subfield code="x">FHA</subfield>
      <subfield code="f">SCORE</subfield>
      <subfield code="v">FHA</subfield>
      <subfield code="p">04</subfield>
      <subfield code="X">System</subfield>
      <subfield code="U">2013-02-28 10:59:00</subfield>
      <subfield code="Y">2022-06-19 11:14:25</subfield>
      <subfield code="h">false</subfield>
      <subfield code="n">B 121 / MahlG / Liede / 1905 &lt;Ichbi&gt; / i</subfield>
      <subfield code="M">49HBZ_FUK</subfield>
      <subfield code="s">1</subfield>
      <subfield code="d">8</subfield>
      <subfield code="V">import</subfield>
      <subfield code="b">112628-110</subfield>
      <subfield code="a">2311251460006459</subfield>
      <subfield code="R">Maintenance count: 001</subfield>
      <subfield code="c">B 121 / MahlG / Liede / 1905 &lt;Ichbi&gt;</subfield>
      <subfield code="B">2063 / 13</subfield>
      <subfield code="D">20130228</subfield>
      <subfield code="W">2013-02-28 11:59:00</subfield>
      <subfield code="u">Z9036</subfield>
      <subfield code="w">Z9036</subfield>
    </datafield>
    <datafield tag="ITM" ind1=" " ind2=" ">
      <subfield code="H">2211251600006459</subfield>
      <subfield code="x">FHA</subfield>
      <subfield code="f">SCORE</subfield>
      <subfield code="v">FHA</subfield>
      <subfield code="p">04</subfield>
      <subfield code="X">System</subfield>
      <subfield code="U">2013-02-28 10:59:00</subfield>
      <subfield code="Y">2022-06-19 11:14:25</subfield>
      <subfield code="h">false</subfield>
      <subfield code="n">B 121 / MahlG / Liede / 1905 &lt;Ichbi&gt; / a</subfield>
      <subfield code="M">49HBZ_FUK</subfield>
      <subfield code="s">1</subfield>
      <subfield code="d">8</subfield>
      <subfield code="V">import</subfield>
      <subfield code="b">112628-30</subfield>
      <subfield code="a">2311251550006459</subfield>
      <subfield code="R">Maintenance count: 001</subfield>
      <subfield code="c">B 121 / MahlG / Liede / 1905 &lt;Ichbi&gt;</subfield>
      <subfield code="B">2055 / 13</subfield>
      <subfield code="D">20130228</subfield>
      <subfield code="W">2013-02-28 11:59:00</subfield>
      <subfield code="u">Z9036</subfield>
      <subfield code="w">Z9036</subfield>
    </datafield>
    <datafield tag="ITM" ind1=" " ind2=" ">
      <subfield code="H">2211251600006459</subfield>
      <subfield code="x">FHA</subfield>
      <subfield code="f">SCORE</subfield>
      <subfield code="v">FHA</subfield>
      <subfield code="p">04</subfield>
      <subfield code="X">System</subfield>
      <subfield code="U">2013-02-28 10:59:00</subfield>
      <subfield code="Y">2022-06-19 11:14:25</subfield>
      <subfield code="h">false</subfield>
      <subfield code="n">B 121 / MahlG / Liede / 1905 &lt;Ichbi&gt;</subfield>
      <subfield code="M">49HBZ_FUK</subfield>
      <subfield code="s">1</subfield>
      <subfield code="d">8</subfield>
      <subfield code="V">import</subfield>
      <subfield code="b">112628-20</subfield>
      <subfield code="a">2311251590006459</subfield>
      <subfield code="R">Maintenance count: 001</subfield>
      <subfield code="c">B 121 / MahlG / Liede / 1905 &lt;Ichbi&gt;</subfield>
      <subfield code="B">424 / 07</subfield>
      <subfield code="D">20130228</subfield>
      <subfield code="W">2013-02-28 11:59:00</subfield>
      <subfield code="u">Z9036</subfield>
      <subfield code="w">Z9036</subfield>
    </datafield>
  </record>